<record><leader>00000cas a22000007a 4500</leader><controlfield tag="001">35871337</controlfield><controlfield tag="008">961109d19101911okuwr n       0    0eng d</controlfield><datafield ind1=" " ind2=" " tag="010"><subfield code="a">sn 96093144 </subfield></datafield><datafield ind1=" " ind2=" " tag="040"><subfield code="a">OBN</subfield><subfield code="b">eng</subfield><subfield code="c">OBN</subfield><subfield code="d">OCLCQ</subfield><subfield code="d">OCLCO</subfield></datafield><datafield ind1="1" ind2=" " tag="029"><subfield code="a">AU@</subfield><subfield code="b">000012911384</subfield></datafield><datafield ind1=" " ind2=" " tag="042"><subfield code="a">msc</subfield></datafield><datafield ind1=" " ind2=" " tag="043"><subfield code="a">n-us-ok</subfield></datafield><datafield ind1="0" ind2="0" tag="245"><subfield code="a">Foyil City leader.</subfield></datafield><datafield ind1=" " ind2=" " tag="260"><subfield code="a">Foyil City, Okla. :</subfield><subfield code="b">William R. Harper</subfield></datafield><datafield ind1=" " ind2=" " tag="300"><subfield code="a">v.</subfield></datafield><datafield ind1=" " ind2=" " tag="310"><subfield code="a">Weekly</subfield></datafield><datafield ind1="0" ind2=" " tag="362"><subfield code="a">Vol. 1, no. 37 (Oct. 7, 1910)-no. 57 (Feb. 24, 1911).</subfield></datafield><datafield ind1="1" ind2=" " tag="362"><subfield code="a">Began in 1910.</subfield></datafield><datafield ind1=" " ind2="0" tag="651"><subfield code="a">Foyil (Okla.)</subfield><subfield code="v">Newspapers.</subfield></datafield><datafield ind1=" " ind2="0" tag="651"><subfield code="a">Rogers County (Okla.)</subfield><subfield code="v">Newspapers.</subfield></datafield><datafield ind1=" " ind2=" " tag="752"><subfield code="a">United States</subfield><subfield code="b">Oklahoma</subfield><subfield code="c">Rogers</subfield><subfield code="d">Foyil.</subfield></datafield><datafield ind1="0" ind2="0" tag="780"><subfield code="t">Rogers County leader (Foyil, Okla. : 1910)</subfield><subfield code="w">(DLC)sn 92061746</subfield><subfield code="w">(OCoLC)25374640</subfield></datafield><datafield ind1="0" ind2="0" tag="785"><subfield code="t">Farmer's voice</subfield><subfield code="w">(DLC)sn 96093145</subfield><subfield code="w">(OCoLC)35871343</subfield></datafield></record>